@article{chakram2020multimode,
  title={Multimode photon blockade},
  author={Chakram, Srivatsan and He, Kevin and Dixit, Akash V
  and Oriani, Andrew E and Naik, Ravi K and Leung, Nelson and Kwon,
  Hyeokshin and Ma, Wen-Long and Jiang, Liang and Schuster, David I},
  journal={arXiv preprint arXiv:2010.15292},
  year={2020}
}